@phdthesis{Tesi,
	title    = {A new Nested Graph Model for Data Integration},
	school   = {University of Bologna},
	author   = {Bergami, Giacomo},
	year     = {2018}
}

@inproceedings{BergamiMM17,
	author    = { Bergami, Giacomo and
	Magnani, Matteo and
	Montesi, Danilo},
	title     = {A Join Operator for Property Graphs},
	booktitle = {Proceedings of the Workshops of the {EDBT/ICDT} 2017 Joint Conference {(EDBT/ICDT} 2017), Venice, Italy, March 21-24, 2017.},
	year      = {2017}
}